<?xml version="1.0" encoding="UTF-8"?><record xmlns="http://www.loc.gov/MARC21/slim" xmlns:cinclude="http://apache.org/cocoon/include/1.0" xmlns:zs="http://www.loc.gov/zing/srw/">
  <leader>01094cz  a2200193n  4500</leader>
  <controlfield tag="001">n 2008030466</controlfield>
  <controlfield tag="003">DLC</controlfield>
  <controlfield tag="005">20160113164746.0</controlfield>
  <controlfield tag="008">080424n| azannaabn          |b aaa      </controlfield>
  <datafield tag="010" ind1=" " ind2=" ">
    <subfield code="a">n 2008030466</subfield>
  </datafield>
  <datafield tag="035" ind1=" " ind2=" ">
    <subfield code="a">(OCoLC)oca07745526</subfield>
  </datafield>
  <datafield tag="040" ind1=" " ind2=" ">
    <subfield code="a">DLC</subfield>
    <subfield code="b">eng</subfield>
    <subfield code="c">DLC</subfield>
    <subfield code="d">CSt</subfield>
    <subfield code="e">rda</subfield>
    <subfield code="d">DLC</subfield>
  </datafield>
  <datafield tag="100" ind1="1" ind2=" ">
    <subfield code="a">Martyni︠u︡k, M. I.</subfield>
    <subfield code="q">(Mykola I.)</subfield>
  </datafield>
  <datafield tag="400" ind1="1" ind2=" ">
    <subfield code="a">Martyni︠u︡k, Mykola Ivanovych</subfield>
  </datafield>
  <datafield tag="400" ind1="1" ind2=" ">
    <subfield code="a">Мартинюк, М. І.</subfield>
    <subfield code="q">(Микола Іванович)</subfield>
  </datafield>
  <datafield tag="400" ind1="1" ind2=" ">
    <subfield code="a">Мартинюк, Микола Іванович</subfield>
  </datafield>
  <datafield tag="667" ind1=" " ind2=" ">
    <subfield code="a">Non-Latin script reference not evaluated.</subfield>
  </datafield>
  <datafield tag="670" ind1=" " ind2=" ">
    <subfield code="a">Ukraïnsʹka politychna z︠h︡urnalistyka i vybory, 2005:</subfield>
    <subfield code="b">t.p. verso (M. I. Martyni︠u︡ka) p. 6 (Mykola Martyni︠u︡k, zaviduvach kafedry z︠h︡urnalistyky Lut︠s︡ʹkoho ped. univ., kand. filol. nauk)</subfield>
  </datafield>
  <datafield tag="670" ind1=" " ind2=" ">
    <subfield code="a">Nat︠s︡ionalʹna idei︠a︡ v z︠h︡ytti︠e︡tvorchosti Volodymyra Samiĭlenka, 2009:</subfield>
    <subfield code="b">t.p. (M.I. Martyni︠u︡k) cover (Mykola Martyni︠u︡k) p. 4 of cover (Микола Іванович Мартинюк = Mykola Ivanovych Martyni︠u︡k, kand. filol. nauk, b. Mar. 14, 1971)</subfield>
  </datafield>
</record>